@article{archer91:NaBr,
	title = {Thermodynamic {Properties} of the {NaBr} + {H}$_2${O} {System}},
	author = {D G Archer},
	year = {1991},
	journal = {J. Phys. Chem. Ref. Data},
	volume = {20},
	number = {3},
	pages = {509--555},
	doi = {10.1063/1.555888}}

@article{archer92ii,
	title = {Thermodynamic {Properties} of the {NaCl} + {H}$_2${O} {System} {II}. {Thermodynamic} {Properties} of {NaCl}(aq), {NaCl}$\cdot$2{H}$_2${O}(cr), and {Phase} {Equilibria}},
	author = {D G Archer},
	year = {1992},
	journal = {J. Phys. Chem. Ref. Data},
	volume = {21},
	number = {4},
	pages = {793--829},
	doi = {10.1063/1.555915}}

@article{archer98rard,
	title = {Isopiestic {Investigation} of the {Osmotic} and {Activity} {Coefficients} of {Aqueous} {MgSO}$_4$ and the {Solubility} of {MgSO}$_4\cdot7${H}$_2${O}(cr) at 298.15 {K}: {Thermodynamic} {Properties} of the {MgSO}$_4$ + {H}$_2${O} {System} to 440 {K}},
	author = {D G Archer and J A Rard},
	year = 1998,
	journal = {J. Chem. Eng. Data},
	volume = 43,
	number = 5,
	pages = {791--806},
	doi = {10.1021/je980047o}}

@article{arrigo05,
	title = {Marine microorganisms and global nutrient cycles},
	journal = {Nature},
	year = {2005},
	author = {K R Arrigo},
	volume = {437},
	number = {7057},
	pages = {349--355},
	doi = {10.1038/nature04159}}

@article{arrigo15vandijken,
	title = {Continued increases in {Arctic} {Ocean} primary production},
	author = {K R Arrigo and G L {van Dijken}},
	journal = {Prog. Oceanogr.},
	volume = {136},
	pages = {60--70},
	doi = {10.1016/j.pocean.2015.05.002},
	year = {2015}}

@article{bach15,
	title = {Reconsidering the role of carbonate ion concentration in calcification by marine organisms},
	author = {L T Bach},
	journal = {Biogeosciences},
	volume = {12},
	pages = {4939--4951},
	year = {2015},
	doi = {10.5194/bg-12-4939-2015}}

@article{balch93,
	title = {Coccolith {Production} and {Detachment} by \textit{Emiliania huxleyi} ({Prymnesiophyceae})},
	author = {W M Balch and K Kilpatrick and P M Holligan and T Cucci},
	journal = {J. Phycol.},
	volume = {29},
	number = {5},
	pages = {566--575},
	year = {1993},
	doi = {10.1111/j.0022-3646.1993.00566.x}}	

@article{balch11,
	title = {The contribution of coccolithophores to the optical and inorganic carbon budgets during the {Southern} {Ocean} {Gas} {Exchange} {Experiment}: {New} evidence in support of the “{Great} {Calcite} {Belt}” hypothesis},
	author = {W M Balch and D T Drapeau and B C Bowler and E Lyczsowski and E S Booth and D Alley},
	year = {2011},
	journal = {J. Geophys. Res. Oceans},
	volume = {116},
	number = {C4},
	pages = {C00F06},
	doi = {10.1029/2011JC006941}}

@article{balch14,
	title = {Surface biological, chemical, and optical properties of the {Patagonian} {Shelf} coccolithophore bloom, the brightest waters of the {Great} {Calcite} {Belt}},
	author = {W. M. Balch and D. T. Drapeau and B. C. Bowler and E. R. Lyczkowski and L. C. Lubelczyk and S. C. Painter and A. J. Poulton},
	journal = {Limnol. Oceanogr.},
	volume = {59},
	number = {5},
	year = {2014},
	pages = {1715--1732},
	doi = {10.4319/lo.2014.59.5.1715}}

@article{bakker14,
	title = {An update to the {Surface} {Ocean} {CO}\textsubscript{2} {Atlas} ({SOCAT} version 2)},
	volume = {6},
	doi = {10.5194/essd-6-69-2014},
	number = {1},
	urldate = {2015-03-17},
	journal = {Earth Syst. Sci. Data},
	author = {Bakker, D. C. E. and Pfeil, B. and Smith, K. and Hankin, S. and Olsen, A. and Alin, S. R. and Cosca, C. and Harasawa, S. and Kozyr, A. and Nojiri, Y. and O'Brien, K. M. and Schuster, U. and Telszewski, M. and Tilbrook, B. and Wada, C. and Akl, J. and Barbero, L. and Bates, N. R. and Boutin, J. and Bozec, Y. and Cai, W.-J. and Castle, R. D. and Chavez, F. P. and Chen, L. and Chierici, M. and Currie, K. and de Baar, H. J. W. and Evans, W. and Feely, R. A. and Fransson, A. and Gao, Z. and Hales, B. and Hardman-Mountford, N. J. and Hoppema, M. and Huang, W.-J. and Hunt, C. W. and Huss, B. and Ichikawa, T. and Johannessen, T. and Jones, E. M. and Jones, S. D. and Jutterström, S. and Kitidis, V. and Körtzinger, A. and Landschützer, P. and Lauvset, S. K. and Lefèvre, N. and Manke, A. B. and Mathis, J. T. and Merlivat, L. and Metzl, N. and Murata, A. and Newberger, T. and Omar, A. M. and Ono, T. and Park, G.-H. and Paterson, K. and Pierrot, D. and Ríos, A. F. and Sabine, C. L. and Saito, S. and Salisbury, J. and Sarma, V. V. S. S. and Schlitzer, R. and Sieger, R. and Skjelvan, I. and Steinhoff, T. and Sullivan, K. F. and Sun, H. and Sutton, A. J. and Suzuki, T. and Sweeney, C. and Takahashi, T. and Tjiputra, J. and Tsurushima, N. and van Heuven, S. M. A. C. and Vandemark, D. and Vlahos, P. and Wallace, D. W. R. and Wanninkhof, R. and Watson, A. J.},
	year = {2014},
	pages = {69--90}}

@article{bates09mathis,
	title = {The {Arctic} {Ocean} marine carbon cycle: evaluation of air-sea {CO}\textsubscript{2} exchanges, ocean acidification impacts and potential feedbacks},
	author = {N R Bates and J T Mathis},
	year = {2009},
	journal = {Biogeosciences},
	volume = {6},
	pages = {2433--2459},
	doi = {10.5194/bg-6-2433-2009}}

@article{bauerfeind09,
	title = {Particle sedimentation patterns in the eastern {Fram} {Strait} during 2000–2005: {Results} from the Arctic long-term observatory {HAUSGARTEN}},
	author = {Eduard Bauerfeind and Eva-Maria Nöthig and Agnieszka Beszczynska and Kirsten Fahl and Lars Kaleschke and Kathrin Kreker and Michael Klages and Thomas Soltwedel and Christiane Lorenzen and Jan Wegner},
	journal = {Deep-Sea Res. Pt I},
	volume = {56},
	number = {9},
	year = {2009},
	pages = {1471--1487},
	doi = {doi:10.1016/j.dsr.2009.04.011}}

@article{beaufort11,
	title = {Sensitivity of coccolithophores to carbonate chemistry and ocean acidification},
	author = {L Beaufort and I Probert and T {de Garidel-Thoron} and E M Bendif and D Ruiz-Pino and N Metzl and C Goyet and N Buchet and P Coupel and M Grelaud and B Rost and R E M Rickaby and C {de Vargas}},
	journal = {Nature},
	volume = {476},
	number = {7358},
	year = {2011},
	pages = {80--83},
	doi = {10.1038/nature10295}}

@article{behrenfeld06,
	title = {Climate-driven trends in contemporary ocean productivity},
	volume = {444},
	doi = {10.1038/nature05317},
	number = {7120},
	journal = {Nature},
	author = {Behrenfeld, Michael J. and O’Malley, Robert T. and Siegel, David A. and McClain, Charles R. and Sarmiento, Jorge L. and Feldman, Gene C. and Milligan, Allen J. and Falkowski, Paul G. and Letelier, Ricardo M. and Boss, Emmanuel S.},
	year = {2006},
	pages = {752--755}}

@article{bradshaw81,
	title = {Measurements of total carbon dioxide and alkalinity by potentiometric titration in the {GEOSECS} program},
	author = {Bradshaw, Alvin L. and Brewer, Peter G. and Shafer, Deborah K. and Williams, Robert T.},
	journal = {Earth Planet. Sci. Lett.},
	volume = {55},
	number = {1},
	pages = {99--115},
	year = {1981},
	doi = {10.1016/0012-821X(81)90090-X}}

@article{buitenhuis01,
	title = {Blooms of \textit{{Emiliania} huxleyi} are sinks of atmospheric carbon dioxide: A field and mesocosm study derived simulation},
	author = {Buitenhuis, Erik T. and van der Wal, Paul and de Baar, Hein J. W.},
	year = {2001},
	journal = {Global Biogeochem. Cy.},
	volume = {15},
	number = {3},
	pages = {577--587},
	doi = {10.1029/2000GB001292}}

@article{caldeira03wickett,
	title = {Anthropogenic carbon and ocean {pH}},
	author = {K Caldeira and M E Wickett},
	journal = {Nature},
	volume = {425},
	pages = {365},
	year = {2003},
	doi = {10.1038/425365a}}

@article{campbell93,
	title = {The standard potential for the hydrogen--silver, silver chloride electrode in synthetic seawater},
	author = {D M Campbell and F J Millero and R Roy and L Roy and M Lawson and K M Vogel and C P Moore},
	journal = {Mar. Chem.},
	volume = {44},
	year = {1993},
	pages = {221--233},
	doi = {10.1016/0304-4203(93)90204-2}}

@article{capone97,
	author = {Capone, Douglas G. and Zehr, Jonathan P. and Paerl, Hans W. and Bergman, Birgitta and Carpenter, Edward J.},
	title = {Trichodesmium, a {Globally} {Significant} {Marine} {Cyanobacterium}},
	volume = {276},
	number = {5316},
	pages = {1221--1229},
	year = {1997},
	doi = {10.1126/science.276.5316.1221},
	journal = {Science}}

@article{clegg94,
	title = {Thermodynamic {Properties} of 0--6 mol kg$^{-1}$ {Aqueous} {Sulfuric} {Acid} from 273.15 to 328.15 {K}},
	author = {S L Clegg and J A Rard and K S Pitzer},
	journal = {J. Chem. Soc. Faraday Trans.},
	year = {1994},
	volume = {90},
	number = {13},
	pages = {1875--1894},
	doi = {10.1039/FT9949001875}}

@article{coplen95,
	title = {Reporting of stable hydrogen, carbon, and oxygen isotopic abundances},
	author = {T. B. Coplen},
	journal = {Geothermics},
	volume = {24},
	number = {5--6},
	pages = {707--712},
	year = {1995},
	doi = {10.1016/0375-6505(95)00024-0}}

@article{crawford97purdie,
	title = {Increase of $p$CO$_2$ during blooms of \textit{Emiliania huxleyi}: {Theoretical} considerations on the asymmetry between acquisition of HCO$_3^-$ and respiration of free CO$_2$},
	author = {David W. Crawford and Duncan A. Purdie},
	journal = {Limnol. Oceanogr.},
	volume = {42},
	number = {2},
	pages = {365--372},
	year = {1997},
	doi = {10.4319/lo.1997.42.2.0365}}

@article{culberson67,
	title = {High-{Pressure} {Dissociation} of {Carbonic} and {Boric} {Acids} in {Seawater}},
	author = {C Culberson and D R Kester and R M Pytkowicz},
	year = {1967},
	journal = {Science},
	volume = {157},
	number = {3784},
	pages = {59--61}}

@article{daniels14,
	title = {Biogeochemical implications of comparative growth rates of \textit{Emiliania huxleyi} and \textit{Coccolithus} species},
	author = {Christopher J. Daniels and R. M. Sheward and A. J. Poulton},
	journal = {Biogeosciences},
	volume = {11},
	number = {23},
	pages = {6915--6925},
	year = {2014},
	doi = {10.5194/bg-11-6915-2014}}
			
@article{dickson79riley,
	title = {{The estimation of acid dissociation constants in seawater media from potentionmetric titrations with strong base. I. The ionic product of water -- K\textsubscript{w}}},
	author = {A G Dickson and J P Riley},
	year = 1979,
	journal = {Mar. Chem.},
	volume = 7,
	number = 2,
	pages = {89--99},
	doi = {10.1016/0304-4203(79)90001-X}}
			
@article{dickson81,
	title = {An exact definition of total alkalinity and a procedure for the estimation of alkalinity and total inorganic carbon from titration data},
	author = {Andrew G. Dickson},
	year = {1981},
	journal = {Deep-Sea Res.},
	volume = {28},
	number = {6},
	pages = {609--623},
	doi = {10.1016/0198-0149(81)90121-7}}
	
@article{dickson87millero,
	title = {A comparison of the equilibrium constants for the dissociation of carbonic acid in seawater media},
	author = {A G Dickson and F J Millero},
	year = {1987},
	journal = {Deep-Sea Res.},
	volume = {34},
	number = {10},
	pages = {1733--1743},
	doi = {10.1016/0198-0149(87)90021-5}}

@article{dickson90bisulfate,
	title = {Standard potential of the reaction: {AgCl}\textsubscript{(s)} + 0.5 {H}\textsubscript{2(g)} = {Ag}\textsubscript{(s)} + {HCl}\textsubscript{(aq)}, and the standard acidity constant of the ion {HSO}$_4^-$ in synthetic sea water from 273.15 to 318.15 {K}},
	author = {Andrew G. Dickson},
	year = {1990},
	journal = {J. Chem. Thermodyn.},
	volume = {22},
	number = {2},
	pages = {113--127},
	doi = {10.1016/0021-9614(90)90074-Z}}
	
@article{dickson90boron,
	title = {Thermodynamics of the dissociation of boric acid in synthetic seawater from 273.15 to 318.15 {K}},
	author = {Andrew G. Dickson},
	year = {1990},
	journal = {Deep-Sea Res.},
	volume = {37},
	number = {5},
	pages = {755--766},
	doi = {10.1016/0198-0149(90)90004-F}}
	
@article{dickson03,
	title = {Reference materials for oceanic {CO}\textsubscript{2} analysis: a method for the certification of total alkalinity},
	author = {Dickson, A. G. and Afghan, J. D. and Anderson, G. C.},
	journal = {Mar. Chem.},
	volume = {80},
	number = {2--3},
	pages = {185--197},
	year = {2003},
	doi = {10.1016/S0304-4203(02)00133-0}}

@article{doney09,
	title = {Ocean {Acidification}: {The} {Other} {CO}\textsubscript{2} {Problem}},
	author = {S C Doney and V J Fabry and R A Feely and J A Kleypas},
	journal = {Annu. Rev. Marine Sci.},
	year = {2009},
	volume = {1},
	pages = {169--192},
	doi = {10.1146/annurev.marine.010908.163834}}
			
@article{dunkleyjones13,
	title = {Climate model and proxy data constraints on ocean warming across the {Paleocene}–{Eocene} {Thermal} {Maximum}},
	author = {T {Dunkley Jones} and D J Lunt and D N Schmidt and A Ridgwell and A Sluijs and P J Valdes and M Maslin},
	journal = {Earth-Sci. Rev.},
	volume = {125},
	pages = {123--145},
	year = {2013},
	doi = {10.1016/j.earscirev.2013.07.004}}

@article{durack14,
	title = {Quantifying underestimates of long-term upper-ocean warming},
	author = {P J Durack and P J Gleckler and F W Landerer and K E Taylor},
	journal = {Nature Clim. Change},
	year = {2014},
	volume = {4},
	pages = {999--1005},
	doi = {10.1038/nclimate2389}}

@article{findlay11,
	title = {Determinants of the {PIC}:{POC} response in the coccolithophore \textit{{Emiliania} huxleyi} under future ocean acidification scenarios},
	author = {Findlay, Helen S. and Calosi, Piero and Crawfurd, Katherine J.},
	journal = {Limnol. Oceanogr.},
	volume = {56},
	number = {3},
	pages = {1168--1178},
	year = {2011},
	doi = {10.4319/lo.2011.56.3.1168}}

@article{frankignoulle94,
	title = {Marine calcification as a source of carbon dioxide: Positive feedback of increasing atmospheric {CO}\textsubscript{2}},
	author = {M Frankignoulle and C Canon and J-P Gattuso},
	journal = {Limnol. Oceanogr.},
	volume = {39},
	number = {2},
	year = {1994},
	pages = {458--462},
	doi = {10.4319/lo.1994.39.2.0458}}
			
@article{franklin10,
	title = {Dimethylsulphoniopropionate ({DMSP}), {DMSP}-lyase activity ({DLA}) and dimethylsulphide ({DMS}) in 10 species of coccolithophore},
	author = {Daniel J. Franklin and Michael Steinke and Jeremy Young and Ian Probert and Gill Malin},
	journal = {Marine Ecology Progress Series},
	volume = {410},
	pages = {13--23},
	year = {2010},
	doi = {10.3354/meps08596}}
	
@article{fritsch80carlson,
	title = {Monotone {Piecewise} {Cubic} {Interpolation}},
	author = {F. Fritsch and R. Carlson},
	journal = {SIAM Journal on Numerical Analysis},
	volume = {17},
	number = {2},
	pages = {238--246},
	year = {1980},
	doi = {10.1137/0717021}}

@article{garcia92gordon,
	title = {Oxygen {Solubility} in {Seawater}: {Better} {Fitting} {Equations}},
	author = {García, H. E. and Gordon, L. I.},
	journal = {Limnol. Oceanogr.},
	volume = {37},
	number = {6},
	pages = {1307--1312},
	year = {1992},
	doi = {10.4319/lo.1992.37.6.1307}}

@article{gaylord15,
	title = {Ocean acidification through the lens of ecological theory},
	author = {B Gaylord and K J Kroeker and J M Sunday and K M Anderson and J P Barry and N E Brown and S D Connell and S Dupont and K E Fabricius and J M Hall-Spencer and T Klinger and M Milazzo and P L Munday and B D Russell and E Sanford and S J Schreiber and V Thiyagarajan and M L H Vaughan and S Widdicombe and C D G Harley},
	journal = {Ecology},
	volume = {96},
	number = {1},
	pages = {3--15},
	year = {2015},
	doi = {10.1890/14-0802.1}}

@article{geider02laroche,
	title = {Redfield revisited: variability of {C}:{N}:{P} in marine microalgae and its biochemical basis},
	author = {Richard Geider and Julie {La Roche}},
	journal = {European Journal of Phycology},
	volume = {37},
	number = {1},
	pages = {1--17},
	year = {2002},
	doi = {10.1017/S0967026201003456}}

@article{gerecht14,
	title = {High temperature decreases the {PIC} / {POC} ratio and increases phosphorus requirements in \textit{Coccolithus pelagicus} ({Haptophyta})},
	author = {A. C. Gerecht and L. Šupraha and B. Edvardsen and I. Probert and J. Henderiks},
	journal = {Biogeosciences},
	volume = {11},
	number = {13},
	year = {2014},
	pages = {3531--3545},
	doi = {10.5194/bg-11-3531-2014}}

@article{gibbs06,
	title = {Shelf and open-ocean calcareous phytoplankton assemblages across the {Paleocene}-{Eocene} {Thermal} {Maximum}: {Implications} for global productivity gradients},
	author = {Samantha J. Gibbs and Timothy J. Bralower and Paul R. Bown and James C. Zachos and Laurel M. Bybell},
	journal = {Geology},
	volume = {34},
	number = {4},
	pages = {233--236},
	year = {2006},
	doi = {10.1130/G22381.1}}

@article{gibbs13,
	title = {Species-specific growth response of coccolithophores to {Palaeocene}-{Eocene} environmental change},
	author = {Samantha J. Gibbs and Alex J. Poulton and Paul R. Bown and Chris J. Daniels and Jason Hopkins and Jeremy R. Young and Heather L. Jones and Geoff J. Thiemann and Sarah A. O'Dea and Cherry Newsam},
	journal = {Nature Geosci.},
	volume = {6},
	number = {3},
	pages = {218--222},
	year = {2013},
	doi = {10.1038/ngeo1719}}
	
@article{gruber97sarmiento,
	title = {Global patterns of marine nitrogen fixation and denitrification},
	author = {N Gruber and J L Sarmiento},
	year = {1997},
	journal = {Global Biogeochem. Cy.},
	volume = {11},
	number = {2},
	pages = {235--266},
	doi = {10.1029/97GB00077}}

@article{hamer72wu,
	title = {Osmotic {Coefficients} and {Mean} {Activity} {Coefficients} of {Uni}-univalent {Electrolytes} in {Water} at 25 \textdegree{C}},
	author = {W J Hamer and Y-C Wu},
	journal = {J. Phys. Chem. Ref. Data},
	year = {1972},
	volume = {1},
	number = {4},
	pages = {1047--1100},
	doi = {10.1063/1.3253108}}

@article{harvie80weare,
	title = {The prediction of mineral solubilities in natural waters: the {Na}--{K}--{Mg}--{Ca}--{Cl}--{SO}$_4$--{H}$_2${O} system from zero to high concentration at 25\textdegree{C}},
	author = {C E Harvie and J H Weare},
	journal = {Geochim. Cosmochim. Acta},
	year = {1980},
	volume = {44},
	number = {7},
	pages = {981--997},
	doi = {10.1016/0016-7037(80)90287-2}}

@article{henson12,
	title = {Global patterns in efficiency of particulate organic carbon export and transfer to the deep ocean},
	author = {S A Henson and R Sanders and E Madsen},
	year = {2012},
	journal = {Global Biogeochem. Cy.},
	volume = {26},
	pages = {GB1028},
	doi = {10.1029/2011GB004099}}

@article{ho03,
	title = {The {Elemental} {Composition} of {Some} {Marine} {Phytoplankton}},
	author = {Tung-Yuan Ho and Antonietta Quigg and Zoe V. Finkel and Allen J. Milligan and Kevin Wyman and Paul G. Falkowski and François M. M. Morel},
	journal = {Journal of Phycology},
	volume = {39},
	number = {6},
	pages = {1145--1159},
	year = {2003},
	doi = {10.1111/j.0022-3646.2003.03-090.x}}

@article{holligan93,
	title = {A biogeochemical study of the coccolithophore, \textit{{Emiliania} huxleyi}, in the {North} {Atlantic}},
	volume = {7},
	doi = {10.1029/93GB01731},
	number = {4},
	journal = {Global Biogeochem. Cy.},
	author = {Holligan, Patrick M. and Fernández, Emilio and Aiken, James and Balch, William M. and Boyd, Philip and Burkill, Peter H. and Finch, Miles and Groom, Stephen B. and Malin, Gillian and Muller, Kerstin and Purdie, Duncan A. and Robinson, Carol and Trees, Charles C. and Turner, Suzanne M. and van der Wal, Paul},
	year = {1993},
	pages = {879--900}}

@article{honjo08,
	title = {Particulate organic carbon fluxes to the ocean interior and factors controlling the biological pump: A synthesis of global sediment trap programs since 1983},
	volume = {76},
	doi = {10.1016/j.pocean.2007.11.003},
	number = {3},
	journal = {Prog. Oceanogr.},
	author = {Honjo, Susumu and Manganini, Steven J. and Krishfield, Richard A. and Francois, Roger},
	year = {2008},
	pages = {217--285}}

@article{humphreys16oacs,
	title = {Climate sensitivity and the rate of ocean acidification: future impacts, and implications for experimental design},
	author = {M P Humphreys},
	journal = {ICES J. Mar. Sci.},
	year = {2016},
	pages = {fsw189},
	doi = {10.1093/icesjms/fsw189}}
	
@article{humphreys17isocap,
	title = {On the influence of marine biogeochemical processes over {CO}$_2$ exchange between the atmosphere and ocean},
	author = {M P Humphreys and C J Daniels and D A Wolf-Gladrow and T Tyrrell and E P Achterberg},
	journal = {Mar. Chem.},
	year = {2017},
	volume = {in review}}

@article{hu16,
	title = {Densities and {Apparent} {Molar} {Volumes} of {Aqueous} {Solutions} of {Li}$_2${SO}$_4$ and {LiCF}$_3${SO}$_3$ at {Temperatures} from 293 to 343 {K}},
	author = {B Hu and L Hnedkovsky and G Hefter},
	journal = {J. Chem. Eng. Data},
	year = {2016},
	volume = {61},
	pages = {3618--3626},
	doi = {10.1021/acs.jced.6b00519}}

@article{iglesiasrodriguez08,
	title = {Phytoplankton {Calcification} in a {High}-{CO}\textsubscript{2} {World}},
	author = {M D Iglesias-Rodriguez and P R Halloran and R E M Rickaby and I R Hall and E Colmenero-Hidalgo and J R Gittins and D R H Green and T Tyrrell and S J Gibbs and P {von Dassow} and E Rehm and E V Armbrust and K P Boessenkool},
	journal = {Science},
	volume = {320},
	number = {5874},
	pages = {336--340},
	year = {2008},
	doi = {10.1126/science.1154122}}
			
@article{isada09,
	title = {Photosynthetic features and primary productivity of phytoplankton in the {Oyashio} and {Kuroshio–Oyashio} transition regions of the northwest {Pacific}},
	author = {Tomonori Isada and Akira Kuwata and Hiroaki Saito and Tsuneo Ono and Masao Ishii and Hisayuki Yoshikawa-Inoue and Koji Suzuki},
	journal = {J. Plankton Res.},
	volume = {31},
	number = {9},
	pages = {1009--1025},
	year = {2009},
	doi = {10.1093/plankt/fbp050}}

@article{ito13follows,
	title = {Air-sea disequilibrium of carbon dioxide enhances the biological carbon sequestration in the {Southern} {Ocean}},
	author = {T Ito and M J Follows},
	year = {2013},
	journal = {Global Biogeochem. Cy.},
	volume = {27},
	pages = {1--10},
	doi = {10.1002/2013GB004682}}

@article{jackett97mcdougall,
	title = {A {Neutral} {Density} {Variable} for the {World’s} {Oceans}},
	author = {Jackett, David R. and McDougall, Trevor J.},
	journal = {J. Phys. Oceanogr.},
	volume = {27},
	number = {2},
	pages = {237--263},
	year = {1997},
	doi = {10.1175/1520-0485(1997)027<0237:ANDVFT>2.0.CO;2}}

@article{jin13,
	title = {Evolutionary {Responses} of a {Coccolithophorid} \textit{Gephyrocapsa oceanica} to {Ocean} {Acidification}},
	author = {P Jin and K Gao and J Beardall},
	journal = {Evolution},
	volume = {67},
	number = {7},
	pages = {1869-1878},
	year = {2013},
	doi = {10.1111/evo.12112}}

@article{jones14,
	title = {Spatial and seasonal variability of the air-sea equilibration timescale of carbon dioxide},
	volume = {28},
	doi = {10.1002/2014GB004813},
	number = {11},
	journal = {Global Biogeochem. Cy.},
	author = {Jones, Daniel C. and Ito, Takamitsu and Takano, Yohei and Hsu, Wei-Ching},
	year = {2014},
	pages = {1163--1178}}

@book{kahaner88,
	title = {Numerical {Methods} and {Software}},
	author = {David Kahaner and Cleve Moler and Stephen Nash},
	publisher = {Prentice Hall, New Jersey, USA},
	year = {1988}}

@article{keeling10,
	title = {{Ocean} {Deoxygenation} in a {Warming} {World}},
	author = {Ralph F. Keeling and Arne Körtzinger and Nicolas Gruber},
	journal = {Annu. Rev. Marine Sci.},
	volume = {2},
	pages = {199--229},
	year = {2010},
	doi = {10.1146/annurev.marine.010908.163855}}

@article{key04,
	title = {A global ocean carbon climatology: {Results} from {Global} {Data} {Analysis} {Project} ({GLODAP})},
	author = {R M Key and A Kozyr and C L Sabine and K Lee and R Wanninkhof and J L Bullister and R A Feely and F J Millero and C Mordy and T-H Peng},
	journal = {Global Biogeochemical Cycles},
	volume = {18},
	pages = {GB4031},
	year = {2004},
	doi = {10.1029/2004GB002247}}

@article{khatiwala13,
	title = {Global ocean storage of anthropogenic carbon},
	author = {S Khatiwala and T Tanhua and S {Mikaloff Fletcher} and M Gerber and S C Doney and H D Graven and N Gruber and G A McKinley and A Murata and A F Ríos and C L Sabine},
	journal = {Biogeosciences},
	volume = {10},
	pages = {2169--2191},
	year = {2013},
	doi = {10.5194/bg-10-2169-2013}}

@article{landschutzer14,
	title = {Recent variability of the global ocean carbon sink},
	year = {2014},
	author = {P Landsch{\"u}tzer and N Gruber and D C E Bakker and U Schuster},
	journal = {Global Biogeochem. Cy.},
	volume = {28},
	number = {9},
	pages = {927-–949},
	doi = {10.1002/2014GB004853}}

@article{langdon00,
	title = {Effect of {Calcium} {Carbonate} {Saturation} {State} on the {Calcification} {Rate} of an {Experimental} {Coral} {Reef}},
	author = {C Langdon and T Takahashi and C Sweeney and D Chipman and J Goddard and F Marubini and H Aceves and H Barnett and M J Atkinson},
	year = {2000},
	journal = {Global Biogeochem. Cy.},
	volume = {14},
	number = {2},
	pages = {639--654},
	doi = {10.1029/1999GB001195}}

@article{langer06,
	title = {Species-specific responses of calcifying algae to changing seawater carbonate chemistry},
	author = {Gerald Langer and Markus Geisen and Karl-Heinz Baumann and Jessica Kläs and Ulf Riebesell and Silke Thoms and Jeremy R. Young},
	journal = {Geochemistry, Geophysics, Geosystems},
	volume = {7},
	number = {9},
	pages = {Q09006},
	year = {2006},
	doi = {10.1029/2005GC001227}}

@article{langer12,
	title = {Calcification of \textit{Calcidiscus leptoporus} under nitrogen and phosphorus limitation},
	author = {Gerald Langer and Kerstin Oetjen and Tina Brenneis},
	journal = {Journal of Experimental Marine Biology and Ecology},
	volume = {413},
	pages = {131---137},
	year = {2012},
	doi = {10.1016/j.jembe.2011.11.028}}

@article{langer13,
	title = {Coccolithophores do not increase particulate carbon production under nutrient limitation: {A} case study using \textit{Emiliania huxleyi} ({PML} {B92}/11)},
	author = {Gerald Langer and Kerstin Oetjen and Tina Brenneis},
	journal = {Journal of Experimental Marine Biology and Ecology},
	volume = {443},
	pages = {155--161},
	year = {2013},
	doi = {10.1016/j.jembe.2013.02.040}}

@article{lee06,
	title = {Global relationships of total alkalinity with salinity and temperature in surface waters of the world's oceans},
	author = {K Lee and L T Tong and F J Millero and C L Sabine and A G Dickson and C Goyet and G-H Park and R Wanninkhof and R A Feely and R M Key},
	journal = {Geophys. Res. Lett.},
	volume = {33},
	number = {19},
	pages = {L19605},
	year = {2006},
	doi = {10.1029/2006GL027207}}

@article{lee10,
	title = {The universal ratio of boron to chlorinity for the {North} {Pacific} and {North} {Atlantic} oceans},
	author = {Lee, Kitack and Kim, Tae-Wook and Byrne, Robert H. and Millero, Frank J. and Feely, Richard A. and Liu, Yong-Ming},
	journal = {Geochim. Cosmochim. Acta},
	volume = {74},
	number = {6},
	pages = {1801--1811},
	year = {2010},
	doi = {10.1016/j.gca.2009.12.027}}

@Article{lequere16,
	AUTHOR = {Le Qu\'er\'e, C. and Andrew, R. M. and Canadell, J. G. and Sitch, S. and Korsbakken, J. I. and Peters, G. P. and Manning, A. C. and Boden, T. A. and Tans, P. P. and Houghton, R. A. and Keeling, R. F. and Alin, S. and Andrews, O. D. and Anthoni, P. and Barbero, L. and Bopp, L. and Chevallier, F. and Chini, L. P. and Ciais, P. and Currie, K. and Delire, C. and Doney, S. C. and Friedlingstein, P. and Gkritzalis, T. and Harris, I. and Hauck, J. and Haverd, V. and Hoppema, M. and Klein Goldewijk, K. and Jain, A. K. and Kato, E. and K\"ortzinger, A. and Landsch\"utzer, P. and Lef\`evre, N. and Lenton, A. and Lienert, S. and Lombardozzi, D. and Melton, J. R. and Metzl, N. and Millero, F. and Monteiro, P. M. S. and Munro, D. R. and Nabel, J. E. M. S. and Nakaoka, S.-I. and O'Brien, K. and Olsen, A. and Omar, A. M. and Ono, T. and Pierrot, D. and Poulter, B. and R\"odenbeck, C. and Salisbury, J. and Schuster, U. and Schwinger, J. and S\'ef\'erian, R. and Skjelvan, I. and Stocker, B. D. and Sutton, A. J. and Takahashi, T. and Tian, H. and Tilbrook, B. and van der Laan-Luijkx, I. T. and van der Werf, G. R. and Viovy, N. and Walker, A. P. and Wiltshire, A. J. and Zaehle, S.},
	TITLE = {Global {Carbon} {Budget} 2016},
	JOURNAL = {Earth Syst. Sci. Data},
	VOLUME = {8},
	YEAR = {2016},
	NUMBER = {2},
	PAGES = {605--649},
	DOI = {10.5194/essd-8-605-2016}}

@article{lischka12riebesell,
	title = {Synergistic effects of ocean acidification and warming on overwintering pteropods in the {Arctic}},
	author = {S Lischka and U Riebesell},
	year = {2012},
	journal = {Global Change Biology},
	volume = {18},
	pages = {3517--3528},
	doi = {10.1111/gcb.12020}}

@article{lohbeck12,
	title = {Adaptive evolution of a key phytoplankton species to ocean acidification},
	author = {K T Lohbeck and U Riebesell and T B H Reusch},
	journal = {Nature Geosci.},
	volume = {5},
	number = {5},
	pages = {346--351},
	year = {2012},
	doi = {10.1038/ngeo1441}}
			
@article{lueker00,
	title = {Ocean \textit{p}{CO}\textsubscript{2} calculated from dissolved inorganic carbon, alkalinity, and equations for $K_1$ and $K_2$: validation based on laboratory measurements of {CO}\textsubscript{2} in gas and seawater at equilibrium},
	author = {Lueker, Timothy J. and Dickson, Andrew G. and Keeling, Charles D.},
	journal = {Mar. Chem.},
	volume = {70},
	number = {1--3},
	pages = {105--119},
	year = {2000},
	doi = {10.1016/S0304-4203(00)00022-0}}
	
@article{luff01,
	title = {Robust and fast {FORTRAN} and {MATLAB}\textsuperscript{\textregistered} libraries to calculate {pH} distributions in marine systems},
	author = {R Luff and M Haeckel and K Wallmann},
	year = {2001},
	journal = {Comput. Geosci.},
	volume = {27},
	pages = {157--169},
	doi = {10.1016/S0098-3004(00)00097-2}}

@article{margo09,
	title = {Constraints on the magnitude and patterns of ocean cooling at the {Last} {Glacial} {Maximum}},
	author = {{MARGO Project Members}},
	journal = {Nature Geosci.},
	volume = {2},
	number = {2},
	pages = {127--132},
	year = {2009},
	doi = {10.1038/ngeo411}}	

@article{marvel15,
	title = {Implications for climate sensitivity from the response to individual forcings},
	author = {K Marvel and G A Schmidt and R L Miller and L S Nazarenko},
	year = {2015},
	journal = {Nature Clim. Change},
	volume = {6},
	pages = {386–-389},
	doi = {10.1038/nclimate2888}}

@article{matrai94keller,
	title = {Total organic sulfur and dimethylsulfoniopropionate in marine phytoplankton: intracellular variations},
	author = {P. A. Matrai and M. D. Keller},
	journal = {Mar. Biol.},
	volume = {119},
	number = {1},
	pages = {61--68},
	year = {1994},
	doi = {10.1007/BF00350107}}

@article{mehrbach73,
	title = {Measurement of the {Apparent} {Dissociation} {Constants} of {Carbonic} {Acid} in {Seawater} at {Atmospheric} {Pressure}},
	author = {C Mehrbach and C H Culberson and J E Hawley and R M Pytkowicz},
	journal = {Limnol. Oceanogr.},
	year = {1973},
	volume = {18},
	number = {6},
	pages = {897--907},
	doi = {10.4319/lo.1973.18.6.0897}}

@article{mendendeuer00lessard,
	title = {Carbon to volume relationships for dinoflagellates, diatoms, and other protist plankton},
	author = {Susanne Menden-Deuer and Evelyn J. Lessard},
	journal = {Limnol. Oceanogr.},
	volume = {45},
	number = {3},
	pages = {569--579},
	year = {2000},
	doi = {10.4319/lo.2000.45.3.0569}}

@article{miladinovic08,
	title = {Isopiestic {Investigation} of the {Osmotic} and {Activity} {Coefficients} of [$y${MgCl}$_2 + (1-y)${MgSO}$_4$](aq) and the {Osmotic} {Coefficients} of {Na}$_2${SO}$_4 \cdot${MgSO}$_4$(aq) at 298.15 {K}},
	author = {J Miladinovi\'c and R Ninkovi\'c and M Todorovi\'c and J A Rard},
	journal = {J. Solution Chem.},
	year = 2008,
	volume = 37,
	number = 3,
	pages = {307--329},
	doi = {10.1007/s10953-007-9238-y}}

@article{millero95,
	title = {Thermodynamics of the carbon dioxide system in the oceans},
	author = {Millero, Frank J.},
	journal = {Geochim. Cosmochim. Acta},
	volume = {59},
	number = {4},
	pages = {661--677},
	year = {1995},
	doi = {10.1016/0016-7037(94)00354-O}}

@article{millero98pierrot,
	title = {A {Chemical} {Equilibrium} {Model} for {Natural} {Waters}},
	author = {Frank J. Millero and Denis Pierrot},
	journal = {Aquat. Geochem.},
	volume = {4},
	number = {1},
	pages = {153--199},
	year = {1998},
	doi = {10.1023/A:1009656023546}}

@article {moisander10,
	author = {Moisander, Pia H. and Beinart, Roxanne A. and Hewson, Ian and White, Angelicque E. and Johnson, Kenneth S. and Carlson, Craig A. and Montoya, Joseph P. and Zehr, Jonathan P.},
	title = {Unicellular {Cyanobacterial} {Distributions} {Broaden} the {Oceanic} {N}$_2$ {Fixation} {Domain}},
	volume = {327},
	number = {5972},
	pages = {1512--1514},
	year = {2010},
	doi = {10.1126/science.1185468},
	journal = {Science}}

@article{monnin01,
	title = {Atmospheric {CO}\textsubscript{2} {Concentrations} over the {Last} {Glacial} {Termination}},
	author = {Eric Monnin and Andreas Indermühle and André Dällenbach and Jacqueline Flückiger and Bernhard Stauffer and Thomas F. Stocker and Dominique Raynaud and Jean-Marc Barnola},
	journal = {Science},
	volume = {291},
	number = {5501},
	pages = {112--114},
	year = {2001},
	doi = {10.1126/science.291.5501.112}}

@article{moolna12rickaby,
	title = {Interaction of the coccolithophore \textit{Gephyrocapsa oceanica} with its carbon environment: response to a recreated high-{CO}\textsubscript{2} geological past},
	author = {A. Moolna and R. E. M. Rickaby},
	journal = {Geobiology},
	volume = {10},
	number = {1},
	pages = {72--81},
	year = {2012},
	doi = {10.1111/j.1472-4669.2011.00308.x}}

@article{morris66riley,
	title = {The bromide/chlorinity and sulphate/chlorinity ratio in sea water},
	author = {A W Morris and J P Riley},
	journal = {Deep-Sea Res.},
	year = {1966},
	volume = {13},
	number = {4},
	pages = {699--705},
	doi = {10.1016/0011-7471(66)90601-2}}
	
@article{morse02arvidson,
	title = {The dissolution kinetics of major sedimentary carbonate minerals},
	author = {J W Morse and R S Arvidson},
	year = {2002},
	journal = {Earth-Sci. Rev.},
	volume = {58},
	number = {1--2},
	pages = {51--84},
	doi = {10.1016/S0012-8252(01)00083-6}}

@article{morse07,
	title = {Calcium {Carbonate} {Formation} and {Dissolution}},
	author = {J W Morse and R S Arvidson and A L\"uttge},
	year = {2007},
	journal = {Chem. Rev.},
	volume = {107},
	number = {2},
	pages = {342--381},
	doi = {10.1021/cr050358j}}

@article{munhoven13,
	title = {Mathematics of the total alkalinity–{pH} equation – pathway to robust and universal solution algorithms: the {SolveSAPHE} package v1.0.1},
	author = {G Munhoven},
	year = {2013},
	journal = {Geosci. Model Dev.},
	volume = {6},
	pages = {1367--1388},
	doi = {10.5194/gmd-6-1367-2013}}
	
@article{murata02takizawa,
	title = {Impact of a coccolithophorid bloom on the {CO}\textsubscript{2} system in surface waters of the eastern {Bering} {Sea} shelf},
	author = {Akihiko Murata and Takatoshi Takizawa},
	journal = {Geophys. Res. Lett.},
	volume = {29},
	number = {11},
	pages = {1547},
	year = {2002},
	doi = {10.1029/2001GL013906}}
	
@article{nazarenko15,
	title = {Future climate change under {RCP} emission scenarios with {GISS} {ModelE2}},
	author = {Nazarenko, L. and Schmidt, G. A. and Miller, R. L. and Tausnev, N. and Kelley, M. and Ruedy, R. and Russell, G. L. and Aleinov, I. and Bauer, M. and Bauer, S. and Bleck, R. and Canuto, V. and Cheng, Y. and Clune, T. L. and Del Genio, A. D. and Faluvegi, G. and Hansen, J. E. and Healy, R. J. and Kiang, N. Y. and Koch, D. and Lacis, A. A. and LeGrande, A. N. and Lerner, J. and Lo, K. K. and Menon, S. and Oinas, V. and Perlwitz, J. and Puma, M. J. and Rind, D. and Romanou, A. and Sato, M. and Shindell, D. T. and Sun, S. and Tsigaridis, K. and Unger, N. and Voulgarakis, A. and Yao, M.-S. and Zhang, Jinlun},
	journal = {J. Adv. Model. Earth Sy.},
	volume = {7},
	number = {1},
	doi = {10.1002/2014MS000403},
	pages = {244--267},
	year = {2015}}
	
@article{olsen08,
	title = {Sea-surface {CO}\textsubscript{2} fugacity in the subpolar {North} {Atlantic}},
	author = {A. Olsen and K. R. Brown and M. Chierici and T. Johannessen and C. Neill},
	journal = {Biogeosciences},
	volume = {5},
	pages = {535--547},
	year = {2008},
	doi = {10.5194/bg-5-535-2008}}

@article{orr15,
	title = {Comparison of ten packages that compute ocean carbonate chemistry},
	author = {J C Orr and J-M Epitalon and J-P Gattuso},
	journal = {Biogeosciences},
	volume = {12},
	pages = {1483--1510},
	year = {2015},
	doi = {10.5194/bg-12-1483-2015}}
	
@article{orr15epitalon,
	title = {Improved routines to model the ocean carbonate system: mocsy 2.0},
	author = {J C Orr and J-M Epitalon},
	journal = {Geosci. Model Dev.},
	volume = {8},
	pages = {485--499},
	year = {2015},
	doi = {10.5194/gmd-8-485-2015}}

@article{painter10,
	title = {The {COPAS}’08 expedition to the {Patagonian} {Shelf}: {Physical} and environmental conditions during the 2008 coccolithophore bloom},
	author = {Stuart C. Painter and Alex J. Poulton and John T. Allen and Rosalind Pidcock and William M. Balch},
	journal = {Cont. Shelf Res.},
	volume = {30},
	pages = {1907--1923},
	year = {2010},
	doi = {10.1016/j.csr.2010.08.013}}

@article{park15,
	title = {Amplified {Arctic} warming by phytoplankton under greenhouse warming},
	journal = {Proc. Natl. Acad. Sci. U.S.A.},
	author = {J-Y Park and J-S Kug and J Bader and R Rolph and M Kwon},
	volume = {112},
	number = {19},
	pages = {5921--5926},
	year = {2015},
	doi = {10.1073/pnas.1416884112}}

@article{perovich07,
	title = {Increasing solar heating of the {Arctic} {Ocean} and adjacent seas, 1979–2005: {Attribution} and role in the ice-albedo feedback},
	author = {D K Perovich and B Light and H Eicken and K F Jones and K Runciman and S V Nghiem},
	journal = {Geophys. Res. Lett.},
	volume = {34},
	number = {19},
	year = {2007},
	doi = {10.1029/2007GL031480}}

@article{perovich09richtermenge,
	title = {Loss of {Sea} {Ice} in the {Arctic}},
	author = {D K Perovich and J A Richter-Menge},
	journal = {Annu. Rev. Marine Sci.},
	year = {2009},
	volume = {1},
	pages = {417--441},
	doi = {10.1146/annurev.marine.010908.163805}}

@article{pitzer74kim,
	title = {Thermodynamics of {Electrolytes}. {IV}. {Activity} and {Osmotic} {Coefficients} for {Mixed} {Electrolytes}},
	author = {K S Pitzer and J J Kim},
	journal = {J. Am. Chem. Soc.},
	year = {1974},
	volume = {96},
	number = {18},
	pages = {5701--5707},
	doi = {10.1021/ja00825a004}}
	
@article{polyakov12,
	title = {Warming of the {Intermediate} {Atlantic} {Water} of the {Arctic} {Ocean} in the 2000s},
	author = {I V Polyakov and A V Pnyushkov and L A Timokhov},
	year = {2012},
	journal = {J. Climate},
	volume = {25},
	pages = {8362--8370},
	doi = {10.1175/JCLI-D-12-00266.1}}

@article{poulton06,
	title = {Phytoplankton mineralization in the tropical and subtropical {Atlantic} {Ocean}},
	author = {A J Poulton and R Sanders and P M Holligan and M C Stinchcombe and T R Adey and L Brown and K Chamberlain},
	year = {2006},
	journal = {Global Biogeochem. Cy.},
	volume = {20},
	number = {4},
	pages = {GB4002},
	doi = {10.1029/2006GB002712}}

@article{poulton07,
	title = {Relating coccolithophore calcification rates to phytoplankton community dynamics: Regional differences and implications for carbon export},
	doi = {10.1016/j.dsr2.2006.12.003},
	volume = {54},
	number = {5–-7},
	journal = {Deep-Sea Res. Pt II},
	author = {Poulton, Alex J. and Adey, Tim R. and Balch, William M. and Holligan, Patrick M.},
	year = {2007},
	pages = {538--557}}
	
@article{poulton13,
	title = {The 2008 \textit{Emiliania huxleyi} bloom along the {Patagonian} {Shelf}: {Ecology}, biogeochemistry, and cellular calcification},
	author = {Alex J. Poulton and Stuart C. Painter and Jeremy R. Young and Nicholas R. Bates and Bruce Bowler and Dave Drapeau and Emily Lyczsckowski and William M. Balch},
	journal = {Global Biogeochem. Cy.},
	volume = {27},
	pages = {1023--1033},
	year = {2013},
	doi = {10.1002/2013GB004641}}

@article{poulton16,
	title = {Production of dissolved organic carbon by {Arctic} plankton communities: {Responses} to elevated carbon dioxide and the availability of light and nutrients},
	volume = {127},
	doi = {10.1016/j.dsr2.2016.01.002},
	journal = {Deep-Sea Res. Pt II},
	author = {Poulton, Alex J. and Daniels, Chris J. and Esposito, Mario and Humphreys, Matthew P. and Mitchell, Elaine and Ribas-Ribas, Mariana and Russell, Benjamin C. and Stinchcombe, Mark C. and Tynan, Eithne and Richier, Sophie},
	year = {2016},
	pages = {60--74}}

@article{rard81miller,
	title = {Isopiestic {Determination} of the {Osmotic} {Coefficients} of {Aqueous} {Na}$_2${SO}$_4$, {MgSO}$_4$, and {Na}$_2${SO}$_4$--{MgSO}$_4$ at 25 \textdegree{C}},
	author = {J A Rard and D G Miller},	
	year = 1981,
	journal = {J. Chem. Eng. Data},
	volume = 26,
	number = 1,
	pages = {33--38},
	doi = {10.1021/je00023a013}}

@article{rard97,
	title = {Isopiestic determination of the osmotic and activity coefficients of [$z${H}$_2${SO}$_4 + (1 - z)${MgSO}$_4$](aq) at the temperature ${T} = 298.15$ {K}. {I}. {Results} for $z$ = (0.85811, 0.71539, and 0.57353)},
	author = {J A Rard},
	year = {1997},
	journal = {J. Chem. Thermodyn.},
	volume = {29},
	number = {5},
	pages = {533--555},
	doi  = {10.1006/jcht.1996.0169}}
	
@article{rard00,
	title = {Isopiestic {Determination} of the {Osmotic} {Coefficients} of {Na}$_2${SO}$_4$(aq) at 25 and 50\textdegree{C}, and {Representation} with {Ion}-{Interaction} ({Pitzer}) and {Mole} {Fraction} {Thermodynamic} {Models}},
	author = {J A Rard and S L Clegg and D A Palmer},
	year = 2000,
	journal = {J. Solution Chem.},
	volume = 29,
	number = 1,
	pages = {1--49},
	doi = {10.1023/A:1005182316790}}

@incollection{redfield63,
	author = {A. C. Redfield and B. H. Ketchum and F. A. Richards},
	title = {The influence of organisms on the composition of sea-water},
	booktitle = {The Sea},
	publisher = {Interscience},
	address = {New York, USA},
	year = {1963},
	pages = {26--77}}
	
@article{riebesell00,
	title = {Reduced calcification of marine plankton in response to increased atmospheric {CO}\textsubscript{2}},
	author = {U Riebesell and I Zondervan and B Rost and P D Tortell and R E Zeebe and F M M Morel},
	journal = {Nature},
	volume = {407},
	number = {6802},
	pages = {364--367},
	year = {2000},
	doi = {10.1038/35030078}}
	
@article{riley65,
	title = {{The occurrence of anomalously high fluoride concentrations in the North Atlantic}},
	author = {J P Riley},
	year = 1965,
	journal = {Deep-Sea Res.},
	volume = 12,
	pages = {219--220},
	doi = {10.1016/0011-7471(65)90027-6}}

@article{rippeth15,
	title = {Tide-mediated warming of {Arctic} halocline by {Atlantic} heat fluxes over rough topography},
	author = {T P Rippeth and B J Lincoln and Y-D Lenn and J A M Green and A Sundfjord and S Bacon},
	journal = {Nature Geosci.},
	volume = {8},
	pages = {191--194},
	year = {2015},
	doi = {10.1038/ngeo2350}}
			
@article{robertson94,
	title = {The impact of a coccolithophore bloom on oceanic carbon uptake in the northeast Atlantic during summer 1991},
	doi = {10.1016/0967-0637(94)90005-1},
	volume = {41},
	number = {2},
	journal = {Deep-Sea Res. Pt I},
	author = {Robertson, J. E. and Robinson, C. and Turner, D. R. and Holligan, P. and Watson, A. J. and Boyd, P. and Fernandez, E. and Finch, M.},
	year = {1994},
	pages = {297--314}}

@article{robinson61,
	title = {Activity coefficients of sodium chloride and potassium chloride in mixed aqueous solutions at 25\textdegree},
	author = {R A Robinson},
	year = {1961},
	journal = {J. Phys. Chem.},
	volume = {65},
	number = {4},
	pages = {662--667},
	doi = {10.1021/j100822a016}}

@article{sabine10tanhua,
	title = {Estimation of {Anthropogenic} {CO}\textsubscript{2} {Inventories} in the {Ocean}},
	author = {Christopher L. Sabine and Toste Tanhua},
	journal = {Annu. Rev. Marine Sci.},
	volume = {2},
	pages = {175--198},
	year = {2010},
	doi = {10.1146/annurev-marine-120308-080947}}

@article{sanders10,
	title = {Does a ballast effect occur in the surface ocean?},
	volume = {37},
	doi = {10.1029/2010GL042574},
	number = {8},
	journal = {Geophys. Res. Lett.},
	author = {Sanders, R and Morris, P J and Poulton, A J and Stinchcombe, C and Charalampopoulou, A and Lucas, M I and Thomalla, S J},
	year = {2010},
	pages = {L08602}}

@article{scatchard38,
	title = {{Isotonic Solutions. I. The Chemical Potential of Water in Aqueous Solutions of Sodium Chloride, Potassium Chloride, Sulfuric Acid, Sucrose, Urea and Glycerol at 25\textdegree}},
	author = {G Scatchard and W J Hamer and S E Wood},
	year = 1938,
	journal = {J. Am. Chem. Soc.},
	volume = 60,
	number = 12,
	pages = {3061--3070},
	doi = {10.1021/ja01279a066}}

@article{schluter14,
	title = {Adaptation of a globally important coccolithophore to ocean warming and acidification},
	author = {L Schlüter and K T Lohbeck and M A Gutowska and J P Gröger and U Riebesell and T B H Reusch},
	journal = {Nature Clim. Change},
	volume = {4},
	pages = {1024--1030},
	year = {2014},
	doi = {10.1038/nclimate2379}}

@article{schmittner13,
	title = {Biology and air–sea gas exchange controls on the distribution of carbon isotope ratios ($\updelta^{13}${C}) in the ocean},
	author = {Schmittner, A. and N. Gruber and A. C. Mix and R. M. Key and A. Tagliabue and T. K. Westberry},
	journal = {Biogeosciences},
	volume = {10},
	number = {9},
	pages = {5793--5816},
	doi = {10.5194/bg-10-5793-2013},
	year = {2013}}

@article{screen10simmonds,
	title = {The central role of diminishing sea ice in recent Arctic temperature amplification},
	author = {J A Screen and I Simmonds},
	year = {2010},
	journal = {Nature},
	volume = {464},
	pages = {1334--1337},
	doi = {10.1038/nature09051}}

@article{sett14,
	title = {Temperature {Modulates} {Coccolithophorid} {Sensitivity} of {Growth}, {Photosynthesis} and {Calcification} to {Increasing} {Seawater} $p$CO$_2$},
	author = {Scarlett Sett and Lennart T. Bach and Kai G. Schulz and Signe Koch-Klavsen and Mario Lebrato and Ulf Riebesell},
	journal = {PLoS ONE},
	volume = {9},
	number = {2},
	pages = {e88308},
	year = {2014},
	doi = {10.1371/journal.pone.0088308}}

@article{shutler13,
	title = {Coccolithophore surface distributions in the {North} {Atlantic} and their modulation of the air-sea flux of {CO}\textsubscript{2} from 10 years of satellite {Earth} observation data},
	author = {J D Shutler and P E Land and C W Brown and H S Findlay and C J Donlon and M Medland and R Snooke and J C Blackford},
	journal = {Biogeosciences},
	volume = {10},
	number = {4},
	pages = {2699--2709},
	year = {2013},
	doi = {10.5194/bg-10-2699-2013}}

@article{sigman00boyle,
	title = {Glacial/interglacial variations in atmospheric carbon dioxide},
	author = {D M Sigman and E A Boyle},
	journal = {Nature},
	volume = {407},
	pages = {859--869},
	year = {2000},
	doi = {10.1038/35038000}}

@book{smith13,
	author = {S V Smith},
	title = {Parsing the {Oceanic} {Calcium} {Carbonate} {Cycle}: {A} {Net} {Atmospheric} {Carbon} {Dioxide} {Source}, or a {Sink}?},
	year = {2013},
	publisher = {Limnol. Oceanogr. e-Books},
	pages = {pp. 42}}
					
@article{solomon09,
	title = {Irreversible climate change due to carbon dioxide emissions},
	author = {S Solomon and G-K Plattner and R Knutti and P Friedlingstein},
	journal = {Proc. Natl. Acad. Sci. U.S.A.},
	year = {2009},
	volume = {106},
	number = {6},
	pages = {1704--1709},
	doi = {10.1073/pnas.0812721106}}
																	
@article{stramma99england,
	title = {On the water masses and mean circulation of the {South} {Atlantic} {Ocean}},
	author = {Lothar Stramma and Matthew England},
	journal = {J. Geophys. Res. Oceans},
	volume = {104},
	number = {C9},
	pages = {20863--20883},
	year = {1999},
	doi = {10.1029/1999JC900139}}

@article{strom09bright,
	title = {Inter-strain differences in nitrogen use by the coccolithophore \textit{Emiliania huxleyi}, and consequences for predation by a planktonic ciliate},
	author = {Suzanne L. Strom and Kelley J. Bright},
	journal = {Harmful Algae},
	volume = {8},
	number = {5},
	pages = {811--816},
	year = {2009},
	doi = {10.1016/j.hal.2007.10.005}}
		
@article{takahashi09,
	title = {Climatological mean and decadal change in surface ocean {pCO}$_2$, and net sea-air {CO}\textsubscript{2} flux over the global oceans},
	author = {Taro Takahashi and Stewart C. Sutherland and Rik Wanninkhof and Colm Sweeney and Richard A. Feely and David W. Chipman and Burke Hales and Gernot Friederich and Francisco Chavez and Christopher Sabine and Andrew Watson and Dorothee C. E. Bakker and Ute Schuster and Nicolas Metzl and Hisayuki Yoshikawa-Inoue and Masao Ishii and Takashi Midorikawa and Yukihiro Nojiri and Arne Körtzinger and Tobias Steinhoff and Mario Hoppema and Jon Olafsson and Thorarinn S. Arnarson and Bronte Tilbrook and Truls Johannessen and Are Olsen and Richard Bellerby and C. S. Wong and Bruno Delille and N. R. Bates and Hein J. W. {de Baar}},
	journal = {Deep-Sea Res. Pt II},
	volume = {56},
	pages = {554--577},
	year = {2009},
	doi = {10.1016/j.dsr2.2008.12.009}}
	
@article{takahashi14,
	title = {Climatological distributions of {pH}, $p${CO}\textsubscript{2}, total {CO}\textsubscript{2}, alkalinity, and {CaCO}$_3$ saturation in the global surface ocean, and temporal changes at selected locations},
	author = {T Takahashi and S C Sutherland and D W Chipman and J G Goddard and C Ho and T Newberger and C Sweeney and D R Munro},
	journal = {Mar. Chem.},
	year = {2014},
	pages = {95--125},
	volume = {164},
	doi = {10.1016/j.marchem.2014.06.004}}
	
@article{takahashi14dataset,
	title = {Climatological {Distributions} of {pH}, p{CO}\textsubscript{2}, {Total} {CO}\textsubscript{2}, {Alkalinity}, and {CaCO}$_3$ Saturation in the {Global} {Surface} {Ocean}},
	author =  {T Takahashi and S C Sutherland and D W Chipman and J G Goddard and T Newberger and C Sweeney},
	journal = {ORNL/CDIAC-160, NDP-094, Carbon Dioxide Information Analysis Center, Oak Ridge National Laboratory, U.S. Department of Energy, Oak Ridge, Tennessee},
	doi = {10.3334/CDIAC/OTG.NDP094},
	year = {2014}}
	
@article{thompson73howarth,
	title = {The rapid estimation and control of precision by duplicate determinations},
	author = {Michael Thompson and Richard J. Howarth},
	journal = {Analyst},
	volume = {98},
	number = {1164},
	pages = {153--160},
	year = {1973},
	doi = {10.1039/AN9739800153}}

@article{tjiputra14,
	title = {Long-term surface p{CO}\textsubscript{2} trends from observations and models},
	author = {J F Tjiputra and A Olsen and L Bopp and A Lenton and B Pfeil and T Roy and J Segschneider and I Totterdell and C Heinze},
	journal = {Tellus B},
	volume = {66},
	pages = {23083},
	year = {2014},
	doi = {10.3402/tellusb.v66.23083}}

@article{touratier04anthro,
	title = {Applying the new {TrOCA} approach to assess the distribution of anthropogenic {CO}\textsubscript{2} in the {Atlantic} {Ocean}},
	author = {Franck Touratier and Catherine Goyet},
	journal = {J. Marine Syst},
	volume = {46},
	number = {1--4},
	pages = {181--197},
	year = {2004},
	doi = {10.1016/j.jmarsys.2003.11.020}}

@article{touratier04troca,
	title = {Definition, properties, and {Atlantic} {Ocean} distribution of the new tracer {TrOCA}},
	author = {Franck Touratier and Catherine Goyet},
	journal = {J. Marine Syst.},
	volume = {46},
	number = {1--4},
	pages = {169--179},
	year = {2004},
	doi = {10.1016/j.jmarsys.2003.11.016}}

@article{touratier07,
	title = {{CFC}-11, {$\Updelta^{14}$}{C} and $^3${H} tracers as a means to assess anthropogenic {CO}\textsubscript{2} concentrations in the ocean},
	author = {F. Touratier and L. Azouzi and C. Goyet},
	journal = {Tellus B},
	volume = {59},
	number = {2},
	pages = {318--325},
	year = {2007},
	doi = {10.1111/j.1600-0889.2006.00247.x}}

@article{tynan16,
	title = {Physical and biogeochemical controls on the variability in surface {pH} and calcium carbonate saturation states in the {Atlantic} sectors of the {Arctic} and {Southern} {Oceans}},
	author = {E Tynan and J S Clarke and M P Humphreys and M {Ribas-Ribas} and M Esposito and V M C Rérolle and C Schlosser and S E Thorpe and T Tyrrell and E P Achterberg},
	journal = {Deep-Sea Res. Pt II},
	year = {2016},
	volume = {127},
	pages = {7--27},
	doi = {10.1016/j.dsr2.2016.01.001}}

@article{vanicek02siedler,
	title = {Zonal {Fluxes} in the {Deep} {Water} {Layers} of the {Western} {South} {Atlantic} {Ocean}},
	author = {Michal Vanicek and Gerold Siedler},
	journal = {J. Phys. Oceanogr.},
	volume = {32},
	number = {8},
	pages = {2205--2235},
	year = {2002},
	doi = {10.1175/1520-0485(2002)032<2205:ZFITDW>2.0.CO;2}}

@article{vanvuuren11,
	title = {The representative concentration pathways: an overview},
	author = {D P {van Vuuren} and J Edmonds and M Kainuma and K Riahi and A Thomson and K Hibbard and G C Hurtt and T Kram and V Krey and J-F Lamarque and T Masui and M Meinshausen and N Nakicenovic and S J Smith and S K Rose},
	journal = {Clim. Chang.},
	volume = {109},
	number = {1--2},
	pages = {5--31},
	year = {2011},
	doi = {10.1007/s10584-011-0148-z}}

@article{wang06,
	title = {Spatial and temporal variability of the surface water p{CO}\textsubscript{2} and air-sea {CO}\textsubscript{2} flux in the equatorial {Pacific} during 1980–2003: {A} basin-scale carbon cycle model},
	author = {Xiujun Wang and James R. Christian and Ragu Murtugudde and Antonio J. Busalacchi},
	journal = {J. Geophys. Res.},
	volume = {111},
	pages = {C07S04},
	year = {2006},
	doi = {10.1029/2005JC002972}}

@article{wanninkhof10,
	title = {Detecting anthropogenic {CO}\textsubscript{2} changes in the interior {Atlantic} {Ocean} between 1989 and 2005},
	author = {Rik Wanninkhof and Scott C. Doney and John L. Bullister and Naomi M. Levine and Mark Warner and Nicolas Gruber},
	journal = {J. Geophys. Res. Oceans},
	volume = {115},
	number = {C11},
	pages = {C11028},
	year = {2010},
	doi = {10.1029/2010JC006251}}

@article{wanninkhof14,
	title = {Relationship between wind speed and gas exchange over the ocean revisited: {Gas} exchange and wind speed over the ocean},
	volume = {12},
	doi = {10.4319/lom.2014.12.351},
	number = {6},
	journal = {Limnol. Oceanogr. Methods},
	author = {Wanninkhof, Rik},
	year = {2014},
	pages = {351--362}}

@article{weiss74,
	title = {Carbon dioxide in water and seawater: the solubility of a non-ideal gas},
	volume = {2},
	doi = {10.1016/0304-4203(74)90015-2},
	number = {3},
	journal = {Mar. Chem.},
	author = {Weiss, R. F.},
	year = {1974},
	pages = {203--215}}
	
@article{weiss82,
	title = {Seasonal effects of temperature and salinity on the partial pressure of {CO}\textsubscript{2} in seawater},
	author = {R F Weiss and R A Jahnke and C D Keeling},
	journal = {Nature},
	volume = {300},
	number = {5892},
	pages = {511---513},
	year = {1982},
	doi = {10.1038/300511a0}}

@incollection{winter94,
	author = {Amos Winter and Ric W. Jordan and Peter H. Roth},
	title = {Biogeography of living coccolithophores in ocean waters},
	booktitle = {Coccolithophores},
	publisher = {Cambridge University Press},
	address = {Cambridge, United Kingdom},
	year = {1994},
	pages = {161--177}}

@article{winton10,
	title = {Importance of {Ocean} {Heat} {Uptake} {Efficacy} to {Transient} {Climate} {Change}},
	author = {M Winton and K Takahashi and I M Held},
	year = {2010},
	journal = {J. Climate},
	doi = {10.1175/2009JCLI3139.1},
	volume = {23},
	pages = {2333--2344}}

@article{wolfgladrow07,
	title = {Total alkalinity: The explicit conservative expression and its application to biogeochemical processes},
	author = {Wolf-Gladrow, Dieter A. and Zeebe, Richard E. and Klaas, Christine and Körtzinger, Arne and Dickson, Andrew G.},
	journal = {Mar. Chem.},
	volume = {106},
	number = {1--2},
	pages = {287--300},
	doi = {10.1016/j.marchem.2007.01.006},
	year = {2007}}

@article{wu11,
	title = {On the time-varying trend in global-mean surface temperature},
	author = {Z Wu and N E Huang and J M Wallace and B V Smoliak and X Chen},
	journal = {Clim. Dyn.},
	volume = {37},
	number = {3--4},
	pages = {759--773},
	year = {2011},
	doi = {10.1007/s00382-011-1128-8}}

@article{yool13,
	title = {{MEDUSA}-2.0: an intermediate complexity biogeochemical model of the marine carbon cycle for climate change and ocean acidification studies},
	author = {A Yool and E E Popova and T R Anderson},
	journal = {Geosci. Model Dev.},
	volume = {6},
	pages = {1767--1811},
	year = {2013},
	doi = {10.5194/gmd-6-1767-2013}}

@article{yool15,
	title = {Future change in ocean productivity: {Is} the {Arctic} the new {Atlantic}?},
	author = {A Yool and E E Popova and A C Coward},
	year = {2015},
	journal = {J. Geophys. Res. Oceans},
	volume = {120},
	pages = {},
	doi = {10.1002/2015JC011167}}

@article{young03,
	title = {A guide to extant coccolithophore taxonomy},
	journal = {J. Nannoplankt. Res.},
	number = {Special Issue 1},
	author = {Jeremy Young and Markus Geisen and Lluisa Cros and Annelies Kleijne and Claudia Sprengel and Ian Probert and Jette Østergaard},
	year = {2003}}

@article{zachos08,
	title = {An early {Cenozoic} perspective on greenhouse warming and carbon-cycle dynamics},
	author = {James C. Zachos and Gerald R. Dickens and Richard E. Zeebe},
	journal = {Nature},
	volume = {451},
	number = {7176},
	pages = {279--283},
	year = {2008},
	doi = {10.1038/nature06588}}
	
@article{zalupski14,
	title = {Isopiestic {Determination} of the {Osmotic} {Coefficients} of {NaNO}$_3$ + {Eu}({NO}$_3$)$_3$ + {H}$_2${O} at 298.15 {K} and {Representation} with an {Extended} {Ion}-{Interaction} ({Pitzer}) {Model}},
	author = {P R Zalupski and R McDowell and S L Clegg},
	journal = {J. Chem. Eng. Data},
	volume = {59},
	pages = {1574--1582},
	year = {2014},
	doi = {10.1021/je500016d}}
	
@article{zondervan01,
	title = {Decreasing marine biogenic calcification: {A} negative feedback on rising atmospheric $p${CO}\textsubscript{2}},
	author = {I Zondervan and R E Zeebe and B Rost and U Riebesell},
	journal = {Global Biogeochem. Cy.},
	volume = {15},
	number = {2},
	pages = {507--516},
	year = {2001},
	doi = {10.1029/2000GB001321}}
	
@article{zondervan02,
	title = {Effect of {CO}\textsubscript{2} concentration on the {PIC}/{POC} ratio in the coccolithophore \textit{Emiliania huxleyi} grown under light-limiting conditions and different daylengths},
	author = {I Zondervan and B Rost and U Riebesell},
	journal = {J. Exp. Mar. Biol. Ecol.},
	volume = {272},
	number = {1},
	pages = {55--70},
	year = {2002},
	doi = {10.1016/S0022-0981(02)00037-0}}

@book{zwg,
	author = {Zeebe, Richard E. and Wolf-Gladrow, Dieter},
	title = {CO$_2$ in {Seawater}: {Equilibrium}, {Kintetics}, {Isotopes}},
	year = {2001},
	series = {Elsevier Oceanography Series},
	volume = {65},
	publisher = {Elsevier Ltd},
	address = {Oxford, UK},
	pages = {346}}


@book{pitzerbook,
	editor = {K S Pitzer},
	title = {Activity {Coefficients} in {Electrolyte} {Solutions}, 2nd {Edition}},
	publisher = {CRC Press},
	address = {Florida},
	year = {1991}
	edition = {2}}

@incollection{pitzer3pitzer,
	author = {K S Pitzer},
	title = {Ion {Interaction} {Approach}: {Theory} and {Data} {Correlation}},
	editor = {K S Pitzer},
	booktitle = {Activity {Coefficients} in {Electrolyte} {Solutions}, 2nd {Edition}},
	publisher = {CRC Press},
	address = {Florida},
	year = {1991},
	pages = {75--153},
	chapter = {3}}

@incollection{pitzer5rp,
	author = {J A Rard and R F Platford},
	title = {Experimental {Methods}: {Isopiestic}},
	editor = {K S Pitzer},
	booktitle = {Activity {Coefficients} in {Electrolyte} {Solutions}, 2nd {Edition}},
	publisher = {CRC Press},
	address = {Florida},
	year = {1991},
	pages = {209--277},
	chapter = {5}}

@book{ipcc,
   author = {IPCC},
   title = {Climate {Change} 2013: {The} {Physical} {Science} {Basis}. {Contribution} of {Working} {Group} {I} to the {Fifth} {Assessment} {Report} of the {Intergovernmental} {Panel} on {Climate} {Change}},
   publisher = {Cambridge University Press},
   address = {Cambridge, UK},
   editor = {T F Stocker and D Qin and G-K Plattner and M Tignor and S K Allen and J Boschung and A Nauels and Y Xia and V Bex and P M Midgley},
   pages = {1535},
   ISBN = {ISBN 978-1-107-66182-0},
   DOI = {10.1017/CBO9781107415324},
   year = {2013},
   type = {Book}}


@book{cruise_d357,
	editor = {Henderson, Gideon M.},
	title = {Cruise {R}eport, {D357}/{GA10E}, {UK}-{GEOTRACES} 40$^\circ${S}},
	year = {2010},
	pages = {200},
	publisher = {University of Oxford, Oxford, United Kingdom}}

@book{cruise_jc68,
	editor = {Henderson, Gideon M.},
	title = {Cruise {R}eport, {JC068}/{GA10W}, {UK}-{GEOTRACES} 40$^\circ${S}},
	year = {2012},
	pages = {209},
	publisher = {University of Oxford, Oxford, United Kingdom}}

@techreport{cruise_jc68_oxygen,
	author = {Humphreys, Matthew P.},
	title = {Dissolved {Oxygen} measurements and sensor data for {UK} {GEOTRACES} 40$^\circ${S} cruises {D357} and {JC68}},
	year = {2014},
	pages = {7},
	institution = {University of Southampton, Southampton, United Kingdom},
	doi = {10.13140/RG.2.1.1959.0247}}

@article{co2sys,
	title = {{CO}\textsubscript{2}{SYS} v 1.1, {MATLAB} program developed for {CO}\textsubscript{2} system calculations},
	author = {van Heuven, S. and Pierrot, D. and Rae, J. W. B. and Lewis, E. and Wallace, D. W. R.},
	year = {2011},
	journal = {ORNL/CDIAC-105b. Carbon Dioxide Information Analysis Center, Oak Ridge National Laboratory, U.S. Department of Energy, Oak Ridge, Tennessee}}

@book{gsw_matlab,
	title = {Getting started with {TEOS}-10 and the {Gibbs} {Seawater} ({GSW}) {Oceanographic} {Toolbox}},
	author = {McDougall, T. J. and Barker, P. M.},
	publisher = {SCOR/IAPSO WG127},
	pages = {28},
	year = {2011}}

@book{co2guide,
	title = {Guide to {Best} {Practices} for {Ocean} {CO}\textsubscript{2} {Measurements}},
	year = {2007},
	editor = {A G Dickson and C L Sabine and J R Christian},
	publisher = {PICES Special Publication 3},
	pages = {191}}

@book{jcgm200,
	author = {JCGM},
	title = {JCGM 200:2012 International vocabulary of metrology -- {Basic} and general concepts and associated terms ({VIM})},
	publisher = {Joint Committee for Guides in Metrology},
	address = {Bureau International des Poids et Mesures, Sevr\`es, France},
	year = {2012},
	edition = {3\textsuperscript{rd}}}
	
	
@misc{odv,
	title = {Ocean {Data} {View}},
	author = {R. Schlitzer},
	year = {2015},
	note = {http://odv.awi.de}}

@techreport{xover,
	title = {Cross-over analysis of hydrographic variables: {XOVER} v1.0},
	author = {M. P. Humphreys},
	institution = {University of Southampton, Southampton, United Kingdom},
	year = {2015},
	doi = {10.13140/RG.2.1.1629.0405}}