@article{CRP94,
  author = {S L {Clegg} and J A {Rard} and K S {Pitzer}},
  title = "{Thermodynamic properties of 0-6 mol kg<sup>-1</sup> aqueous sulfuric acid from 237.15 to 328.15 K}",
  journal = {},
  volume = 90,
  number = 13,
  pages = {1875-1894},
  year = 1994
  }
